% Encoding: UTF-8

@Article{Dassios2014pdNCG,
  author = {I. Dassios, K. Fountoulakis, J. Gondzio},
  title  = {A Second-Order Method for Compressed Sensing Problems with Coherent and Redundant Dictionaries},
  year   = {2014},
}

@Article{Dhingra2017pd,
  author  = {N. K. Dhingra and S. Z. Khong and M. R. JovanoviÄ‡},
  title   = {A second order primal-dual algorithm for nonsmooth convex composite optimization},
  journal = {IEEE 56th Annual Conference on Decision and Control (CDC)},
  year    = {2017},
  pages   = {2868--2873},
  month   = dec,
}

@Article{Loris2011iterative,
  author  = {I. Loris and C. Verhoeven},
  title   = {On a generalization of the iterative soft-thresholding algorithm for the case of non-separable penalty},
  journal = {Inverse Problems},
  year    = {2011},
  volume  = {27},
  number  = {12},
  month   = nov,
}

@Article{Yan2018,
  author  = {M. Yan},
  title   = {A New Primal Dual Algorithm for Minimizing the Sum of Three Functions with a Linear Operator},
  journal = {Journal of Scientific Computing},
  year    = {2018},
  pages   = {1--20},
  month   = mar,
}

@Article{Boyd2011ADMM,
  author  = {S.~Boyd and N.~Parikh and E.~Chu and B.~Peleato and J.~ Eckstein},
  title   = {Distributed optimization and statistical learning via the alternating direction method of multipliers},
  journal = {Foundations and Trends in Machine Learning.},
  year    = {2011},
  volume  = {3},
  number  = {1},
  pages   = {1--122},
}

@Article{Goldstein2009Split,
  author  = {T. Goldstein and S. Osher},
  title   = {The Split {B}regman Method for {L}1-Regularized Problems},
  journal = {SIAM J. Imaging Sci.},
  year    = {2009},
  volume  = {2},
  number  = {2},
  pages   = {323--343},
  month   = apr,
}

@Comment{jabref-meta: databaseType:bibtex;}
